%% This BibTeX bibliography file was created using BibDesk.
%% https://bibdesk.sourceforge.io/

%% Created for Joseph Daniel at 2019-11-02 11:56:58 +1100 


%% Saved with string encoding Unicode (UTF-8) 



@inproceedings{zhou2016scale,
	Author = {Dingfu Zhou and Y. Dai and Hongdong Li},
	Booktitle = {2016 IEEE Intelligent Vehicles Symposium (IV)},
	Date-Added = {2019-11-02 11:56:31 +1100},
	Date-Modified = {2019-11-02 11:56:57 +1100},
	Doi = {10.1109/IVS.2016.7535431},
	Keywords = {cameras;computer vision;distance measurement;divide and conquer methods;monocular visual odometry;reliable scale estimation;reliable scale correction;monocular vision system;vision-based autonomous driving;known camera height;ground plane homography decomposition;divide and conquer approach;motion parameters;structure parameters;KITTI standard benchmark dataset;Cameras;Estimation;Geometry;Visualization;Robustness;Roads;Feature extraction},
	Month = {June},
	Pages = {490-495},
	Title = {Reliable scale estimation and correction for monocular Visual Odometry},
	Year = {2016},
	Bdsk-Url-1 = {https://doi.org/10.1109/IVS.2016.7535431}}

@article{zhou2019scale,
	Archiveprefix = {arXiv},
	Author = {Dingfu Zhou and Yuchao Dai and Hongdong Li},
	Bibsource = {dblp computer science bibliography, https://dblp.org},
	Biburl = {https://dblp.org/rec/bib/journals/corr/abs-1903-00912},
	Date-Added = {2019-11-02 11:54:42 +1100},
	Date-Modified = {2019-11-02 11:54:56 +1100},
	Eprint = {1903.00912},
	Journal = {CoRR},
	Timestamp = {Sat, 30 Mar 2019 19:27:21 +0100},
	Title = {Ground Plane based Absolute Scale Estimation for Monocular Visual Odometry},
	Url = {http://arxiv.org/abs/1903.00912},
	Volume = {abs/1903.00912},
	Year = {2019},
	Bdsk-Url-1 = {http://arxiv.org/abs/1903.00912}}

@inproceedings{gakne2018scale,
	Author = {Paul Verlaine Gakne and Kyle O'Keefe},
	Date-Added = {2019-11-02 11:48:24 +1100},
	Date-Modified = {2019-11-02 11:53:35 +1100},
	Title = {Tackling The Scale Factor Issue In A Monocular Visual Odometry Using A {3D} City Model},
	Year = {2018}}

@inproceedings{nister2004vo,
	Address = {Los Alamitos, CA, USA},
	Author = {D. Nister and O. Naroditsky and J. Bergen},
	Booktitle = {2013 IEEE Conference on Computer Vision and Pattern Recognition},
	Date-Added = {2019-11-02 11:45:33 +1100},
	Date-Modified = {2019-11-02 11:45:54 +1100},
	Doi = {10.1109/CVPR.2004.1315094},
	Issn = {1063-6919},
	Keywords = {motion estimation;cameras;delay estimation;head;real time systems;navigation;robustness;tracking;layout;global positioning system},
	Month = {jul},
	Pages = {I-652-I-659 Vol.1},
	Publisher = {IEEE Computer Society},
	Title = {Visual odometry},
	Url = {https://doi.ieeecomputersociety.org/10.1109/CVPR.2004.1315094},
	Volume = {1},
	Year = {2004},
	Bdsk-Url-1 = {https://doi.ieeecomputersociety.org/10.1109/CVPR.2004.1315094},
	Bdsk-Url-2 = {https://doi.org/10.1109/CVPR.2004.1315094}}

@book{zisserman2004multiview,
	Author = {Richard Hartley and Andrew Zisserman},
	Date-Added = {2019-11-02 11:09:37 +1100},
	Date-Modified = {2019-11-02 11:11:17 +1100},
	Publisher = {Cambridge University Press},
	Title = {Multiple View Geometry in Computer Vision},
	Year = {2004}}

@inproceedings{vaish2004parallax,
	Author = {Vaish, Vaibhav and Wilburn, B. and Joshi, N. and Levoy, M.},
	Doi = {10.1109/CVPR.2004.1315006},
	Isbn = {0-7695-2158-4},
	Month = {01},
	Pages = {I-2},
	Title = {Using plane + parallax for calibrating dense camera arrays},
	Volume = {1},
	Year = {2004},
	Bdsk-Url-1 = {https://doi.org/10.1109/CVPR.2004.1315006}}

@incollection{bolles1987epiplane,
	Acmid = {33520},
	Address = {San Francisco, CA, USA},
	Author = {Bolles, Robert C. and Baker, H. Harlyn},
	Chapter = {Epipolar-plane Image Analysis: A Technique for Analyzing Motion Sequences},
	Editor = {Fischler, Martin A. and Firschein, Oscar},
	Isbn = {0-934613-33-8},
	Numpages = {11},
	Pages = {26--36},
	Publisher = {Morgan Kaufmann Publishers Inc.},
	Title = {Readings in Computer Vision: Issues, Problems, Principles, and Paradigms},
	Url = {http://dl.acm.org/citation.cfm?id=33517.33520},
	Year = {1987},
	Bdsk-Url-1 = {http://dl.acm.org/citation.cfm?id=33517.33520}}

@article{yao2016camarray,
	Author = {Yao, Li and Liu, Yunjian and Xu, Weixin},
	Day = {15},
	Doi = {10.1186/s13640-016-0129-2},
	Issn = {1687-5281},
	Journal = {EURASIP Journal on Image and Video Processing},
	Month = {Sep},
	Number = {1},
	Pages = {25},
	Title = {Real-time virtual view synthesis using light field},
	Url = {https://doi.org/10.1186/s13640-016-0129-2},
	Volume = {2016},
	Year = {2016},
	Bdsk-Url-1 = {https://doi.org/10.1186/s13640-016-0129-2}}

@inproceedings{adelson1991plenoptic,
	Added-At = {2008-09-01T14:17:15.000+0200},
	Author = {Adelson, Edward H. and Bergen, James R.},
	Biburl = {https://www.bibsonomy.org/bibtex/238ee49cf65e325d5dbf08d1bd12d396a/darnok},
	Booktitle = {Computational Models of Visual Processing},
	Description = {The plenoptic function and the elements of early vision},
	Pages = {3--20},
	Publisher = {MIT Press},
	Title = {The plenoptic function and the elements of early vision},
	Year = 1991}

@phdthesis{dansereau2014phd,
	Author = {Donald Dansereau},
	Date-Added = {2019-10-30 11:45:11 +1100},
	Date-Modified = {2019-10-30 11:48:21 +1100},
	School = {Australian Centre for Field Robotics},
	Title = {Plenoptic Signal Processing for Robust Vision in Field Robotics},
	Year = {2014}}

@article{ihrke2016lfprinciples,
	Author = {Ihrke, Ivo and Restrepo, John and Mignard-Debise, Lo{\"\i}s},
	Doi = {10.1109/MSP.2016.2582220},
	Journal = {IEEE Signal Processing Magazine},
	Month = {09},
	Pages = {59-69},
	Title = {Principles of Light Field Imaging: Briefly revisiting 25 years of research},
	Volume = {33},
	Year = {2016},
	Bdsk-Url-1 = {https://doi.org/10.1109/MSP.2016.2582220}}

@inproceedings{levoy1996lfrendering,
	Author = {Levoy, Mark and Hanrahan, Pat},
	Booktitle = {Proc. ACM SIGGRAPH},
	Title = {Light Field Rendering},
	Year = {1995}}

@inproceedings{gortler1996lumigraph,
	Acmid = {237200},
	Address = {New York, NY, USA},
	Author = {Gortler, Steven J. and Grzeszczuk, Radek and Szeliski, Richard and Cohen, Michael F.},
	Booktitle = {Proceedings of the 23rd Annual Conference on Computer Graphics and Interactive Techniques},
	Doi = {10.1145/237170.237200},
	Isbn = {0-89791-746-4},
	Numpages = {12},
	Pages = {43--54},
	Publisher = {ACM},
	Series = {SIGGRAPH '96},
	Title = {The Lumigraph},
	Url = {http://doi.acm.org/10.1145/237170.237200},
	Year = {1996},
	Bdsk-Url-1 = {http://doi.acm.org/10.1145/237170.237200},
	Bdsk-Url-2 = {https://doi.org/10.1145/237170.237200}}

@incollection{jaderberg2015spatialtransformer,
	Author = {Jaderberg, Max and Simonyan, Karen and Zisserman, Andrew and kavukcuoglu, koray},
	Booktitle = {Advances in Neural Information Processing Systems 28},
	Editor = {C. Cortes and N. D. Lawrence and D. D. Lee and M. Sugiyama and R. Garnett},
	Pages = {2017--2025},
	Publisher = {Curran Associates, Inc.},
	Title = {Spatial Transformer Networks},
	Url = {http://papers.nips.cc/paper/5854-spatial-transformer-networks.pdf},
	Year = {2015},
	Bdsk-Url-1 = {http://papers.nips.cc/paper/5854-spatial-transformer-networks.pdf}}

@inproceedings{zhou2017unsupervised,
	Author = {Zhou, Tinghui and Brown, Matthew and Snavely, Noah and Lowe, David G.},
	Booktitle = {CVPR},
	Title = {Unsupervised Learning of Depth and Ego-Motion from Video},
	Year = {2017}}

@article{godard2016consistency,
	Archiveprefix = {arXiv},
	Author = {Cl{\'{e}}ment Godard and Oisin {Mac Aodha} and Gabriel J. Brostow},
	Bibsource = {dblp computer science bibliography, https://dblp.org},
	Biburl = {https://dblp.org/rec/bib/journals/corr/GodardAB16},
	Eprint = {1609.03677},
	Journal = {CoRR},
	Timestamp = {Mon, 13 Aug 2018 16:46:43 +0200},
	Title = {Unsupervised Monocular Depth Estimation with Left-Right Consistency},
	Url = {http://arxiv.org/abs/1609.03677},
	Volume = {abs/1609.03677},
	Year = {2016},
	Bdsk-Url-1 = {http://arxiv.org/abs/1609.03677}}

@article{bian2019consistency,
	Author = {Jia-Wang Bian, Zhichao Li, Naiyan Wang, Huangying Zhan, Chunhua Shen, Ming-Ming Cheng, Ian Reid},
	Title = {Unsupervised Scale-consistent Depth and Ego-motion Learning from Monocular Video},
	Year = {2019}}
